<record><leader>00000cas a22000007a 4500</leader><controlfield tag="001">12952342</controlfield><controlfield tag="008">851223d19651984utuwr ne      0    0eng d</controlfield><datafield ind1=" " ind2=" " tag="010"><subfield code="a">sn 85058389 </subfield></datafield><datafield ind1=" " ind2=" " tag="040"><subfield code="a">UNP</subfield><subfield code="b">eng</subfield><subfield code="c">UNP</subfield><subfield code="d">UBY</subfield><subfield code="d">OCLCQ</subfield><subfield code="d">OCLCF</subfield><subfield code="d">OCLCO</subfield></datafield><datafield ind1=" " ind2=" " tag="042"><subfield code="a">msc</subfield></datafield><datafield ind1=" " ind2=" " tag="043"><subfield code="a">n-us-ut</subfield></datafield><datafield ind1=" " ind2="4" tag="050"><subfield code="a">AN2.U8</subfield><subfield code="b">G74</subfield></datafield><datafield ind1="0" ind2=" " tag="130"><subfield code="a">Green sheet, news advertiser (Murray, Utah : West Valley ed.)</subfield></datafield><datafield ind1="1" ind2="4" tag="245"><subfield code="a">The Green sheet, news advertiser.</subfield></datafield><datafield ind1="1" ind2="3" tag="246"><subfield code="a">Green sheet</subfield><subfield code="f">July 12-Sept. 20, 1984</subfield></datafield><datafield ind1="1" ind2="3" tag="246"><subfield code="a">News advertiser, green sheet</subfield></datafield><datafield ind1="1" ind2="7" tag="246"><subfield code="a">Murray eagle and the news advertiser</subfield></datafield><datafield ind1="1" ind2="7" tag="246"><subfield code="a">Eagle-advertiser</subfield></datafield><datafield ind1=" " ind2=" " tag="250"><subfield code="a">West Valley ed.</subfield></datafield><datafield ind1=" " ind2=" " tag="260"><subfield code="a">Murray, Utah :</subfield><subfield code="b">Murray Print. Co.,</subfield><subfield code="c">1965-</subfield></datafield><datafield ind1=" " ind2=" " tag="300"><subfield code="a">v. :</subfield><subfield code="b">ill. ;</subfield><subfield code="c">58 cm.</subfield></datafield><datafield ind1=" " ind2=" " tag="310"><subfield code="a">Weekly</subfield></datafield><datafield ind1="0" ind2=" " tag="362"><subfield code="a">Vol. 8, no. 4 (Mar. 18, 1965)-</subfield></datafield><datafield ind1="1" ind2=" " tag="362"><subfield code="a">Ceased in Sept. 1984.</subfield></datafield><datafield ind1=" " ind2=" " tag="500"><subfield code="a">Sometimes published as: Green sheet, July 12-Sept. 20, 1984.</subfield></datafield><datafield ind1=" " ind2=" " tag="500"><subfield code="a">Printed at the office of: Murray eagle.</subfield></datafield><datafield ind1=" " ind2="0" tag="651"><subfield code="a">Murray (Utah)</subfield><subfield code="v">Newspapers.</subfield></datafield><datafield ind1=" " ind2="0" tag="651"><subfield code="a">Salt Lake County (Utah)</subfield><subfield code="v">Newspapers.</subfield></datafield><datafield ind1=" " ind2="7" tag="655"><subfield code="a">Newspapers.</subfield><subfield code="2">fast</subfield><subfield code="0">(OCoLC)fst01423814</subfield></datafield><datafield ind1=" " ind2="7" tag="651"><subfield code="a">Utah</subfield><subfield code="z">Murray.</subfield><subfield code="2">fast</subfield><subfield code="0">(OCoLC)fst01222715</subfield></datafield><datafield ind1=" " ind2="7" tag="651"><subfield code="a">Utah</subfield><subfield code="z">Salt Lake County.</subfield><subfield code="2">fast</subfield><subfield code="0">(OCoLC)fst01207106</subfield></datafield><datafield ind1=" " ind2=" " tag="752"><subfield code="a">United States</subfield><subfield code="b">Utah</subfield><subfield code="c">Salt Lake</subfield><subfield code="d">Murray.</subfield></datafield><datafield ind1="0" ind2="0" tag="780"><subfield code="t">News advertiser (Murray, Utah)</subfield><subfield code="w">(DLC)sn 85058390</subfield><subfield code="w">(OCoLC)12952432</subfield></datafield><datafield ind1="0" ind2="0" tag="785"><subfield code="t">Green sheet west</subfield><subfield code="w">(DLC)sn 85058388</subfield><subfield code="w">(OCoLC)12952279</subfield></datafield><datafield ind1="1" ind2=" " tag="787"><subfield code="t">Murray eagle</subfield><subfield code="w">(DLC)sn 85058334</subfield><subfield code="w">(OCoLC)12902128</subfield></datafield></record>